@article{hank2014audiomovie,
  title={A high-resolution 7-Tesla fMRI dataset from complex natural stimulation
   with an audio movie},
  author={Hanke, Michael and others},
  journal={Scientific Data},
  volume={1},
  pages={1--18},
  year={2014},
  publisher={Macmillan Publishers Limited}
}
@article{chevillet2011functional,
	title={Functional Correlates of the Anterolateral Processing Hierarchy
	in Human Auditory Cortex},
	author={Chevillet, Mark and others},
	journal={The Journal of Neuroscience},
	volume={31},
	pages={9345--9352},
	year={2011},
	publisher={Society for Neuroscience}
}
